@Book{greenwald:2014,
  author = 	 {Glenn Greenwald},
  title = 	 {{No Place to Hide: Edward Snowden, the NSA and the Surveillance State}},
  publisher = 	 {Hamish Hamilton},
  year = 	 {2014}
}

@INPROCEEDINGS{oatley+crick:2014,
  author =       {Giles Oatley and Tom Crick},
  title =        {{Changing Faces: Identifying Complex Behavioural Profiles}},
  booktitle =    {{Proceedings of 2nd International Conference on Human Aspects of Information Security, Privacy and Trust (HAS 2014)}},
  year =         {2014},
  publisher =    {Springer},
  series =       {Lecture Notes in Computer Science},
  volume =       {8533},
  pages =        {282--293}
}

@INPROCEEDINGS{schiaffino+amandi:2009,
  author =       {Silvia Schiaffino and Anal\'{i}a Amandi},
  title =        {{Intelligent User Profiling}},
  booktitle =    {{Artificial Intelligence: An International Perspective}},
  year =         {2009},
  publisher =    {Springer},
  series =       {Lecture Notes in Computer Science},
  volume =       {5640},
  pages =        {193--216}
}

@Article{perea-et-al:2008,
  author = 	 {M. Perea and J.A. Dunabeitia and M. Carreiras},
  title = 	 {{R34D1NG W0RD5 W1TH NUMB3R5}},
  journal = 	 {{Journal of Experimental Psychology: Human Perception and Performance}},
  year = 	 {2008},
  volume = 	 {34},
  number = 	 {1},
  pages = 	 {237--241}
}

@Article{pennebaker+king:1999,
  author = 	 {J.W. Pennebaker and L.A. King},
  title = 	 {{Linguistic styles: language use as an individual difference}},
  journal = 	 {{Journal of Personality and Social Psychology}},
  year = 	 {1999},
  volume = 	 {77},
  number = 	 {6},
  pages = 	 {1296--1312}
}

@ARTICLE{vazire+gosling:2004,
  author =       {Simine Vazire and Samuel D. Gosling},
  title =        {{e-Perceptions: Personality Impressions Based on Personal Websites}},
  journal =      {{Journal of Personality and Social Psychology}},
  volume =       {87},
  number =       {1},
  pages =        {123-132},
  year =         {2004}
}

@InProceedings{iacobelli-et-al:2011,
  author = 	 {Francisco Iacobelli and Alastair J. Gill and Scott Nowson and Jon Oberlander},
  title = 	 {{Large Scale Personality Classification of Bloggers}},
  booktitle =    {{Proceedings of the 4th International Conference on Affective Computing and Intelligent Interaction (ACII 2011)}},
  pages = 	 {568--577},
  year = 	 {2011},
  volume = 	 {6975},
  series = 	 {{Lecture Notes in Computer Science}},
  publisher =    {Springer}
}

@Article{woodworth-et-al:2012,
  author = 	 {Michael Woodworth and Jeffrey Hancock and Stephen Porter and Robert Hare and Matt Logan and Mary Ellen Oâ€™Toole and Sharon Smith},
  title = 	 {{The Language of Psychopaths: New Findings and Implications for Law Enforcement}},
  journal =      {FBI Law Enforcement Bulletin},
  year = 	 {2012},
  month =        {July}
}

@InProceedings{sumner-et-al:2012,
  title = 	 {{Predicting Dark Triad Personality Traits from Twitter Usage and a Linguistic Analysis of Tweets}},
  author =       {C. Sumner and A. Byers and R. Boochever and G. J. Park},
  year = 	 {2012},
  booktitle =    {{Proceedings of the 11th International Conference on Machine Learning and Applications (ICMLA 2012)}},
  publisher =    {IEEE Press}
}

@Article{back-et-al:2010,
  author = 	 {Mitja D. Back and Juliane M. Stopfer and Simine Vazire and Sam Gaddis and Stefan C. Schmukle and Boris Egloff and Samuel D. Gosling},
  title = 	 {{Facebook Profiles Reflect Actual Personality, Not Self-Idealization}},
  journal = 	 {{Psychological Science}},
  year = 	 {2010},
  volume = 	 {21},
  number = 	 {3},
  pages = 	 {372--374}
}

@InProceedings{golbeck-et-al:2001,
  author = 	 {Jennifer Golbeck and Cristina Robles and Karen Turner},
  title = 	 {Predicting personality with social media},
  booktitle =    {Proceedings of Human Factors in Computing Systems (CHI'11)},
  year = 	 {2011},
  pages = 	 {253--262},
  publisher =    {ACM Press}
}

@InBook{chung+pennebaker:2007,
  ALTauthor = 	 {Cindy Chung and James W. Pennebaker},
  ALTeditor = 	 {K. Fiedler},
  title = 	 {{Social Communication: Frontiers of Social Psychology}},
  chapter = 	 {The psychological function of function words},
  publisher = 	 {Psychology Press},
  year = 	 {2007},
  pages = 	 {343--359}
}

@Article{tausczik+pennebaker:2010,
  author = 	 {Yla R. Tausczik and James W. Pennebaker},
  title = 	 {{The Psychological Meaning of Words: LIWC and Computerized Text Analysis Methods}},
  journal = 	 {{Journal of Language and Social Psychology}},
  year = 	 {2010},
  volume = 	 {29},
  number = 	 {1},
  pages = 	 {24--54}
}

@InProceedings{mohammad+kiritchenko:2013,
  author = 	 {Saif M. Mohammad and Svetlana Kiritchenko},
  title = 	 {{Using Nuances of Emotion to Identify Personality}},
  booktitle =    {{Proceedings of the ICWSM Workshop on Computational Personality Recognition}},
  year = 	 {2013}
}

@Proceedings{celli-et-al:2013,
  title = 	 {{Workshop on Computational Personality Recognition (Shared Task)}},
  year = 	 {2013},
  booktitle =    {{Proceedings of 7th International AAAI Conference on Weblogs and Social Media (ICWSM-13)}},
  editor = 	 {F. Celli and F. Pianesi and D. Stillwell and M. Kosinski}
}

@ARTICLE{mairesse-et-al:2007,
  author =       {F. Mairesse and M. A. Walker and M. R. Mehi and R. K. Moore},
  title =        {{Using Linguistic Cues for the Automatic Recognition of Personality in Conversation and Text}},
  journal =      {{Journal of Artificial Intelligence Research}},
  volume =       {30},
  pages =        {457--500},
  year =         {2007}
}

@Misc{pennebaker-et-al:2001,
  author = 	 {J.W. Pennebaker and M.E. Francis and R.J. Booth},
  title = 	 {{Linguistic Inquiry and Word Count}},
  howpublished = {{Erlbaum Publishers}},
  year = 	 {2001}
}

@Article{wilson:1988,
  author = 	 {Michael Wilson},
  title = 	 {{The MRC Psycholinguistic Database: Machine Readable Dictionary, Version 2.00}},
  journal = 	 {{Behavior Research Methods, Instruments \& Computers}},
  year = 	 {1988},
  volume = 	 {20},
  number = 	 {1},
  pages = 	 {6--10}
}

@ARTICLE{norman:1963,
  author =       {Warren T. Norman},
  title =        {{Toward an adequate taxonomy of personality attributes: Replicated factor structure in peer nomination personality ratings}},
  journal =      {{Journal of Abnormal and Social Psychology}},
  volume =       {66},
  number =       {6},
  pages =        {574--583},
  year =         {1963}
}

@Article{peabody+goldberg:1989,
  author = 	 {D. Peabody and L.R. Goldberg},
  title = 	 {{Some determinants of factor structures from personality-trait descriptor}},
  journal = 	 {{Journal of Personality and Social Psychology}},
  year = 	 {1989},
  volume = 	 {57},
  number = 	 {3},
  pages = 	 {552--567}
}

@ARTICLE{chernoff:1973,
  author =       {Herman Chernoff},
  title =        {{The Use of Faces to Represent Points in k-Dimensional Space Graphically}},
  journal =      {{Journal of the American Statistical Association}},
  year =         {1973},
  volume =       {68},
  number =       {342},
  pages =        {361--368}
}

@ARTICLE{eysenck:1992,
  author =       {H. J. Eysenck},
  title =        {{Four ways five factors are not basic}},
  journal =      {{Personality and Individual Differences}},
  year =         {1992},
  volume =       {13},
  number =       {6},
  pages =        {667--673}
}

@ARTICLE{paunonen+jackson:2000,
  author =       {S. V. Paunonen and D. N. Jackson},
  title =        {{What is beyond the Big Five? Plenty!}},
  journal =      {{Journal of Personality}},
  year =         {2000},
  volume =       {68},
  number =       {5},
  pages =        {821--836}
}

@ARTICLE{block:2010,
  author =       {Jack Block},
  title =        {{The Five-Factor Framing of Personality and Beyond: Some Ruminations}},
  journal =      {{Psychological Inquiry}},
  year =         {2010},
  volume =       {21},
  number =       {1},
  pages =        {2--25}
}

@ARTICLE{szirmak+deraad:1994,
  author =       {Zs\'{o}fia Szirm\'{a}k and Boele {De Raad}},
  title =        {{Taxonomy and structure of Hungarian personality traits}},
  journal =      {{European Journal of Personality}},
  year =         {1994},
  volume =       {8},
  number =       {2},
  pages =        {95--117}
}

@ARTICLE{defruyt-et-al:2004,
  author =       {Filip {De Fruyt} and Robert R. McCrae and Zs\'{o}fia Szirm\'{a}k and J\'{a}nos Nagy},
  title =        {{The Five-Factor Personality Inventory as a Measure of the Five-Factor Model: Belgian, American, and Hungarian Comparisons with the NEO-PI-R}},
  journal =      {{Assessment}},
  year =         {2004},
  volume =       {11},
  number =       {3},
  pages =        {207--215}
}

@Manual{costa+mccrae:1992,
  title = 	 {{Neo PI-R Professional Manual}},
  author = 	 {Paul T. Costa and Robert R. McCrae},
  organization = {{Psychological Assessment Resources}},
  year = 	 {1992}
}

@Book{cattell:1946,
  author = 	 {R. B. Cattell},
  title = 	 {The description and measurement of personality},
  publisher = 	 {Harcourt, Brace \& World},
  year = 	 {1946}
}

@Book{eysenck:1947,
  author = 	 {H. J. Eysenck},
  title = 	 {{Dimensions of Personality}},
  publisher = 	 {Routledge \& Kegan Paul},
  year = 	 {1947}
}

@Book{gunning:1968,
  author = 	 {Robert Gunning},
  title = 	 {{Technique of Clear Writing}},
  publisher = 	 {{McGraw Hill Higher Education}},
  year = 	 {1968}
}

@TechReport{kincaid-et-al:1975,
  author = 	 {J.P. Kincaid and R.P. Fishburne and R.L. Rogersand B.S. Chissom},
  title = 	 {{Derivation of New Readability Formulas (Automated Readability Index, Fog Count and Flesch Reading Ease Formula) for Navy Enlisted Personnel}},
  institution =  {{Chief of Naval Technical Training: Naval Air Station Memphis}},
  year = 	 {1975},
  number = 	 {Research Branch Report 8-75}
}

@Misc{mairesse:2013,
  author = 	 {F. Mairesse},
  title = 	 {{Towards Personality-Based User Modelling}},
  howpublished = {Keynote talk at Workshop on Computational Personality Recognition (ICWSM-13)},
  year = 	 {2013}
}

@InBook{richter:2003,
  author = 	 {Michael M. Richter},
  title = 	 {{Readings in Case-Based Reasoning}},
  chapter = 	 {{Knowledge containers}},
  publisher = 	 {Morgan Kaufmann},
  year = 	 {2003}
}

@InProceedings{inches+crestani:2012,
  author = 	 {Giacomo Inches and Fabio Crestani},
  title = 	 {{Overview of the International Sexual Predator Identification Competition at PAN-2012}},
  booktitle =    {{CLEF (Online Working Notes/Labs/Workshop)}},
  year = 	 {2012}
}

@Misc{smith-et-al:2013,
  author = 	 {Clarissa Smith and Feona Attwood and Martin Barker},
  title = 	 {{pornresearch.org Prelininary Findings}},
  howpublished = {Available from: \url{http://www.pornresearch.org/Firstsummaryforwebsite.pdf}},
  year = 	 {2013}
}

@Article{sweeney+whissell:1984,
  author = 	 {K. Sweeney and C. Whissell},
  title = 	 {A dictionary of affect in language: I, establishment and preliminary validation},
  journal = 	 {{Perceptual and Motor Skills}},
  year = 	 {1984},
  volume = 	 {59},
  number = 	 {3},
  pages = 	 {695--698}
}

@TechReport{millwood-hargrave:2000,
  author = 	 {Andrea Millwood-Hargrave},
  title = 	 {Delete expletives?},
  institution =  {Research undertaken jointly by the Advertising Standards Authority, British Broadcasting Corporation, Broadcasting Standards Commission and the Independent Television Commission},
  year = 	 {2000}
}

@InProceedings{ritter-et-al:2011,
  author = 	 {Alan Ritter and Sam Clark and Mausam and Oren Etzioni},
  title = 	 {Named entity recognition in tweets: an experimental study},
  booktitle =    {{Proceedings of the 2011 Conference on Empirical Methods in Natural Language Processing (EMNLP'11)}},
  year = 	 {2011},
  pages = 	 {1524--1534}
}

@InProceedings{brody+diakopoulos:2011,
  author = 	 {Samuel Brody and Nicholas Diakopoulos},
  title = 	 {Cooooooooooooooollllllllllllll!!!!!!!!!!!!!!: using word lengthening to detect sentiment in microblogs},
  booktitle =    {{Proceedings of the 2011 Conference on Empirical Methods in Natural Language Processing (EMNLP'11)}},
  year = 	 {2011},
  pages = 	 {562--570}
}
