@InProceedings{iacobelli-et-al:2011,
  author = 	 {Francisco Iacobelli and Alastair J. Gill and Scott Nowson and Jon Oberlander},
  title = 	 {{Large Scale Personality Classification of Bloggers}},
  booktitle =    {{Proceedings of the 4th International Conference on Affective Computing and Intelligent Interaction (ACII 2011)}},
  pages = 	 {568--577},
  year = 	 {2011},
  volume = 	 {6975},
  series = 	 {{Lecture Notes in Computer Science}},
  publisher =    {Springer}
}

@Misc{pennebaker-et-al:2001,
  author = 	 {J.W. Pennebaker and M.E. Francis and R.J. Booth},
  title = 	 {{Linguistic Inquiry and Word Count}},
  howpublished = {{Erlbaum Publishers}},
  year = 	 {2001}
}

@Article{vazire+gosling:2004,
  author = 	 {S. Vazire and S.D. Gosling},
  title = 	 {{e-Perceptions: Personality Impressions Based on Personal Websites}},
  journal = 	 {{Journal of Personality and Social Psychology}},
  year = 	 {2004},
  volume = 	 {87},
  number = 	 {1},
  pages = 	 {123--132}
}

@Article{mairesse-et-al:2007,
  author = 	 {F. Mairesse and M.A. Walker and M.R. Mehi and R.K. Moore},
  title = 	 {{Using Linguistic Cues for the Automatic Recognition of Personality in Conversation and Text}},
  journal = 	 {{Journal of Artificial Intelligence Research}},
  year = 	 {2007},
  volume = 	 {30},
  pages = 	 {457--500}
}

@Article{wilson:1988,
  author = 	 {Michael Wilson},
  title = 	 {{The MRC Psycholinguistic Database: Machine Readable Dictionary, Version 2.00}},
  journal = 	 {{Behavior Research Methods, Instruments \& Computers}},
  year = 	 {1988},
  volume = 	 {20},
  number = 	 {1},
  pages = 	 {6--10}
}

@ARTICLE{norman:1963,
  author =       {Warren T. Norman},
  title =        {{Toward an adequate taxonomy of personality attributes: Replicated factor structure in peer nomination personality ratings}},
  journal =      {{Journal of Abnormal and Social Psychology}},
  volume =       {66},
  number =       {6},
  pages =        {574-583},
  year =         {1963}
}

@Article{peabody+goldberg:1989,
  author = 	 {D. Peabody and L.R. Goldberg},
  title = 	 {{Some determinants of factor structures from personality-trait descriptor}},
  journal = 	 {{Journal of Personality and Social Psychology}},
  year = 	 {1989},
  volume = 	 {57},
  number = 	 {3},
  pages = 	 {552--567}
}

@Article{goldberg:1990,
  author = 	 {L.R. Goldberg},
  title = 	 {{An alternative ``description of personality'': The Big Five factor structure}},
  journal = 	 {{Journal of Personality and Social Psychology}},
  year = 	 {1990},
  volume = 	 {59},
  number = 	 {6},
  pages = 	 {1216--1229}
}